\begin{thebibliography}{10}

\bibitem{Alvarez_2016}
Marcelo~A. Alvarez.
\newblock The kinetic sunyaev–zel’dovich effect from reionization:
  Simulated full-sky maps at arcminute resolution.
\newblock {\em The Astrophysical Journal}, 824(2):118, Jun 2016.

\bibitem{Battaglia_2013}
N.~Battaglia, A.~Natarajan, H.~Trac, R.~Cen, and A.~Loeb.
\newblock Reionization on large scales. iii. predictions for low-l cosmic
  microwave background polarization and high-l kinetic sunyaev-zel’dovich
  observables.
\newblock {\em The Astrophysical Journal}, 776(2):83, Oct 2013.

\bibitem{10.1093/mnras/stt1082}
R.~A. Battye, I.~W.~A. Browne, C.~Dickinson, G.~Heron, B.~Maffei, and
  A.~Pourtsidou.
\newblock {HI intensity mapping: a single dish approach}.
\newblock {\em Monthly Notices of the Royal Astronomical Society},
  434(2):1239--1256, 07 2013.

\bibitem{Bernardis_2017}
F.~De Bernardis, S.~Aiola, E.M. Vavagiakis, N.~Battaglia, M.D. Niemack,
  J.~Beall, D.T. Becker, J.R. Bond, E.~Calabrese, H.~Cho, and et~al.
\newblock Detection of the pairwise kinematic sunyaev-zel’dovich effect with
  boss dr11 and the atacama cosmology telescope.
\newblock {\em Journal of Cosmology and Astroparticle Physics},
  2017(03):008–008, Mar 2017.

\bibitem{Bharadwaj_2001}
Somnath Bharadwaj, Biman~B. Nath, and Shiv~K. Sethi.
\newblock {Using HI to probe large scale structures at $z \sim 3$}.
\newblock {\em Journal of Astrophysics and Astronomy}, 22(1):21–34, Mar 2001.

\bibitem{Bianchini_2016}
Federico Bianchini and Alessandra Silvestri.
\newblock Kinetic sunyaev-zel’dovich effect in modified gravity.
\newblock {\em Physical Review D}, 93(6), Mar 2016.

\bibitem{2012AfrSk..16..101B}
R.~S. {Booth} and J.~L. {Jonas}.
\newblock {An Overview of the MeerKAT Project}.
\newblock {\em African Skies}, 16:101, Mar 2012.

\bibitem{Bull_2015}
Philip Bull, Pedro~G. Ferreira, Prina Patel, and Mário~G. Santos.
\newblock Late-time cosmology with 21 cm intensity mapping experiments.
\newblock {\em The Astrophysical Journal}, 803(1):21, Apr 2015.

\bibitem{Calabrese_2014}
Erminia Calabrese, Renée Hložek, Nick Battaglia, J.~Richard Bond, Francesco
  de~Bernardis, Mark~J. Devlin, Amir Hajian, Shawn Henderson, J.~Colin Hil,
  Arthur Kosowsky, and et~al.
\newblock Precision epoch of reionization studies with next-generation cmb
  experiments.
\newblock {\em Journal of Cosmology and Astroparticle Physics},
  2014(08):010–010, Aug 2014.

\bibitem{CHEN_2012}
XUELEI CHEN.
\newblock The tianlai project: A 21cm cosmology experiment.
\newblock {\em International Journal of Modern Physics: Conference Series},
  12:256–263, Jan 2012.

\bibitem{Cooray_2000}
Asantha Cooray.
\newblock Large scale pressure fluctuations and the sunyaev-zel’dovich
  effect.
\newblock {\em Physical Review D}, 62(10), Oct 2000.

\bibitem{Cooray_2003}
Asantha Cooray and Michael Kesden.
\newblock Weak lensing of the cmb: extraction of lensing information from the
  trispectrum.
\newblock {\em New Astronomy}, 8(3):231–253, Mar 2003.

\bibitem{Datta_2007}
K.~K. Datta, T.~R. Choudhury, and S.~Bharadwaj.
\newblock The multifrequency angular power spectrum of the epoch of
  reionization 21-cm signal.
\newblock {\em Monthly Notices of the Royal Astronomical Society},
  378(1):119–128, Jun 2007.

\bibitem{2019A&A...624A..48D}
Anna {de Graaff}, Yan-Chuan {Cai}, Catherine {Heymans}, and John~A. {Peacock}.
\newblock {Probing the missing baryons with the Sunyaev-Zel'dovich effect from
  filaments}.
\newblock {\em Astronomy and Astrophysics}, 624:A48, Apr 2019.

\bibitem{2005astro.ph.11060D}
Simon {DeDeo}, David~N. {Spergel}, and Hy~{Trac}.
\newblock {The kinetic Sunyaev-Zel'dovitch effect as a dark energy probe}.
\newblock {\em arXiv e-prints}, pages astro--ph/0511060, Nov 2005.

\bibitem{2003moco.book.....D}
Scott {Dodelson}.
\newblock {\em {Modern cosmology}}.
\newblock 2003.

\bibitem{1951Natur.168..356E}
H.~I. {Ewen} and E.~M. {Purcell}.
\newblock {Observation of a Line in the Galactic Radio Spectrum: Radiation from
  Galactic Hydrogen at 1,420 Mc./sec.}
\newblock {\em Nature}, 168(4270):356, Sep 1951.

\bibitem{Guth:1980zm}
Alan~H. Guth.
\newblock {The Inflationary Universe: A Possible Solution to the Horizon and
  Flatness Problems}.
\newblock {\em Phys. Rev.}, D23:347--356, 1981.
\newblock [Adv. Ser. Astrophys. Cosmol.3,139(1987)].

\bibitem{Hand_2012}
Nick Hand, Graeme~E. Addison, Eric Aubourg, Nick Battaglia, Elia~S.
  Battistelli, Dmitry Bizyaev, J.~Richard Bond, Howard Brewington, Jon
  Brinkmann, Benjamin~R. Brown, and et~al.
\newblock Evidence of galaxy cluster motions with the kinematic
  sunyaev-zel’dovich effect.
\newblock {\em Physical Review Letters}, 109(4), Jul 2012.

\bibitem{PhysRevLett.115.191301}
Carlos Hern\'andez-Monteagudo, Yin-Zhe Ma, Francisco~S. Kitaura, Wenting Wang,
  Ricardo G\'enova-Santos, Juan Mac\'{\i}as-P\'erez, and Diego Herranz.
\newblock Evidence of the missing baryons from the kinematic sunyaev-zeldovich
  effect in planck data.
\newblock {\em Phys. Rev. Lett.}, 115:191301, Nov 2015.

\bibitem{Hernandez_Monteagudo_2006}
Carlos Hernandez‐Monteagudo, Licia Verde, Raul Jimenez, and David~N. Spergel.
\newblock Correlation properties of the kinematic sunyaev‐zel’dovich effect
  and implications for dark energy.
\newblock {\em The Astrophysical Journal}, 643(2):598–615, Jun 2006.

\bibitem{Hu_1997}
Wayne Hu and Martin White.
\newblock The damping tail of cosmic microwave background anisotropies.
\newblock {\em The Astrophysical Journal}, 479(2):568--579, apr 1997.

\bibitem{2017A&A...604A..93H}
G.~{Hurier}.
\newblock {Constraining galaxy cluster velocity field with the thermal
  Sunyaev-Zel'dovich and kinematic Sunyaev-Zel'dovich cross-bispectrum}.
\newblock {\em Astronomy and Astrophysics}, 604:A93, Aug 2017.

\bibitem{2006NewAR..50..909I}
Ilian~T. {Iliev}, Ue-Li {Pen}, J.~{Richard Bond}, Garrelt {Mellema}, and
  Paul~R. {Shapiro}.
\newblock {kSZ from patchy reionization: The view from the simulations}.
\newblock {\em New Astronomy Review}, 50(11-12):909--917, Dec 2006.

\bibitem{1998PhRvD..58d3001J}
Andrew~H. {Jaffe} and Marc {Kamionkowski}.
\newblock {Calculation of the Ostriker-Vishniac effect in cold dark matter
  models}.
\newblock {\em Physical Review D}, 58(4):043001, Aug 1998.

\bibitem{Keisler_2013}
Ryan Keisler and Fabian Schmidt.
\newblock Prospects for measuring the relative velocities of galaxy clusters in
  photometric surveys using the kinetic sunyaev-zel’dovich effect.
\newblock {\em The Astrophysical Journal}, 765(2):L32, Feb 2013.

\bibitem{LEWIS_2006}
A~LEWIS and A~CHALLINOR.
\newblock Weak gravitational lensing of the cmb.
\newblock {\em Physics Reports}, 429(1):1–65, Jun 2006.

\bibitem{Li_2019}
Dongzi Li, Hong-Ming Zhu, and Ue-Li Pen.
\newblock Cross-correlation of the kinematic sunyaev-zel’dovich effect and
  21 cm intensity mapping with tidal reconstruction.
\newblock {\em Physical Review D}, 100(2), Jul 2019.

\bibitem{2019arXiv191210152L}
Seunghwan {Lim}, H.~J. {Mo}, Huiyuan {Wang}, and Xiaohu {Yang}.
\newblock {Detection of missing baryons in galaxy groups with kinetic
  Sunyaev-Zel'dovich effect}.
\newblock {\em arXiv e-prints}, page arXiv:1912.10152, Dec 2019.

\bibitem{2018MNRAS.476.4025M}
Q.~{Ma}, K.~{Helgason}, E.~{Komatsu}, B.~{Ciardi}, and A.~{Ferrara}.
\newblock {Measuring patchy reionization with kSZ$^{2}$-21 cm correlations}.
\newblock {\em Monthly Notices of the Royal Astronomical Society},
  476(3):4025--4031, May 2018.

\bibitem{2018MNRAS.475..379M}
Yin-Zhe {Ma}, Guo-Dong {Gong}, Ning {Sui}, and Ping {He}.
\newblock {Constraining the optical depth of galaxies and velocity bias with
  cross-correlation between the kinetic Sunyaev-Zeldovich effect and the
  peculiar velocity field}.
\newblock {\em Monthly Notices of the Royal Astronomical Society},
  475(1):379--390, Mar 2018.

\bibitem{2014PhLB..735..402M}
Yin-Zhe {Ma} and Gong-Bo {Zhao}.
\newblock {Dark energy imprints on the kinematic Sunyaev-Zel'dovich signal}.
\newblock {\em Physics Letters B}, 735:402--411, Jul 2014.

\bibitem{McQuinn_2005}
Matthew McQuinn, Steven~R. Furlanetto, Lars Hernquist, Oliver Zahn, and Matias
  Zaldarriaga.
\newblock The kinetic sunyaev‐zel’dovich effect from reionization.
\newblock {\em The Astrophysical Journal}, 630(2):643–656, Sep 2005.

\bibitem{Miao_2016}
Han Miao, Wei-Peng Lin, and Peng-Jie Zhang.
\newblock Probing the missing baryons via {kSZ} stacking.
\newblock {\em Research in Astronomy and Astrophysics}, 16(4):015, apr 2016.

\bibitem{2015ApJ...808...47M}
Eva-Maria {Mueller}, Francesco {de Bernardis}, Rachel {Bean}, and Michael~D.
  {Niemack}.
\newblock {Constraints on Gravity and Dark Energy from the Pairwise Kinematic
  Sunyaev-Zel'dovich Effect}.
\newblock {\em The Astrophysical Journal}, 808(1):47, Jul 2015.

\bibitem{Mukhanov:2005sc}
V.~Mukhanov.
\newblock {\em {Physical Foundations of Cosmology}}.
\newblock Cambridge University Press, Oxford, 2005.

\bibitem{2016SPIE.9906E..5XN}
L.~B. {Newburgh}, K.~{Bandura}, M.~A. {Bucher}, T.~C. {Chang}, H.~C. {Chiang},
  J.~F. {Cliche}, R.~{Dav{\'e}}, M.~{Dobbs}, C.~{Clarkson}, K.~M. {Ganga},
  T.~{Gogo}, A.~{Gumba}, N.~{Gupta}, M.~{Hilton}, B.~{Johnstone},
  A.~{Karastergiou}, M.~{Kunz}, D.~{Lokhorst}, R.~{Maartens}, S.~{Macpherson},
  M.~{Mdlalose}, K.~{Moodley}, L.~{Ngwenya}, J.~M. {Parra}, J.~{Peterson},
  O.~{Recnik}, B.~{Saliwanchik}, M.~G. {Santos}, J.~L. {Sievers}, O.~{Smirnov},
  P.~{Stronkhorst}, R.~{Taylor}, K.~{Vanderlinde}, G.~{Van Vuuren},
  A.~{Weltman}, and A.~{Witzemann}.
\newblock {\em {HIRAX: a probe of dark energy and radio transients}}, volume
  9906 of {\em Society of Photo-Optical Instrumentation Engineers (SPIE)
  Conference Series}, page 99065X.
\newblock 2016.

\bibitem{2018Natur.558..406N}
F.~{Nicastro}, J.~{Kaastra}, Y.~{Krongold}, S.~{Borgani}, E.~{Branchini},
  R.~{Cen}, M.~{Dadina}, C.~W. {Danforth}, M.~{Elvis}, F.~{Fiore}, A.~{Gupta},
  S.~{Mathur}, D.~{Mayya}, F.~{Paerels}, L.~{Piro}, D.~{Rosa-Gonzalez},
  J.~{Schaye}, J.~M. {Shull}, J.~{Torres-Zafra}, N.~{Wijers}, and
  L.~{Zappacosta}.
\newblock {Observations of the missing baryons in the warm-hot intergalactic
  medium}.
\newblock {\em Nature}, 558(7710):406--409, Jun 2018.

\bibitem{Park_2013}
Hyunbae Park, Paul~R. Shapiro, Eiichiro Komatsu, Ilian~T. Iliev, Kyungjin Ahn,
  and Garrelt Mellema.
\newblock The kinetic sunyaev-zel’dovich effect as a probe of the physics of
  cosmic reionization: The effect of self-regulated reionization.
\newblock {\em The Astrophysical Journal}, 769(2):93, May 2013.

\bibitem{Perlmutter_1999}
S.~Perlmutter, G.~Aldering, G.~Goldhaber, R.~A. Knop, P.~Nugent, P.~G. Castro,
  S.~Deustua, S.~Fabbro, A.~Goobar, D.~E. Groom, and et~al.
\newblock {Measurements of $\Omega$ and $\Lambda$ from 42 High‐Redshift
  Supernovae}.
\newblock {\em The Astrophysical Journal}, 517(2):565–586, Jun 1999.

\bibitem{2019arXiv190602552P}
{Planck Collaboration}, Y.~{Akrami}, M.~{Ashdown}, J.~{Aumont},
  C.~{Baccigalupi}, M.~{Ballardini}, A.~J. {Band ay}, R.~B. {Barreiro},
  N.~{Bartolo}, S.~{Basak}, K.~{Benabed}, M.~{Bersanelli}, and et~al.
\newblock {Planck 2018 results. VII. Isotropy and Statistics of the CMB}.
\newblock {\em arXiv e-prints}, page arXiv:1906.02552, Jun 2019.

\bibitem{1968Natur.217..511R}
M.~J. {Rees} and D.~W. {Sciama}.
\newblock {Large-scale Density Inhomogeneities in the Universe}.
\newblock {\em Nature}, 217(5128):511--516, Feb 1968.

\bibitem{Riess_1998}
Adam~G. Riess, Alexei~V. Filippenko, Peter Challis, Alejandro Clocchiatti, Alan
  Diercks, Peter~M. Garnavich, Ron~L. Gilliland, Craig~J. Hogan, Saurabh Jha,
  Robert~P. Kirshner, and et~al.
\newblock {Observational Evidence from Supernovae for an Accelerating Universe
  and a Cosmological Constant}.
\newblock {\em The Astronomical Journal}, 116(3):1009–1038, Sep 1998.

\bibitem{1970ApJ...159..379R}
Vera~C. {Rubin} and Jr. {Ford}, W.~Kent.
\newblock {Rotation of the Andromeda Nebula from a Spectroscopic Survey of
  Emission Regions}.
\newblock {\em The Astrophysical Journal}, 159:379, Feb 1970.

\bibitem{2015aska.confE..19S}
M.~{Santos}, P.~{Bull}, D.~{Alonso}, S.~{Camera}, P.~{Ferreira}, G.~{Bernardi},
  R.~{Maartens}, M.~{Viel}, F.~{Villaescusa-Navarro}, F.~B. {Abdalla},
  M.~{Jarvis}, R.~B. {Metcalf}, A.~{Pourtsidou}, and L.~{Wolz}.
\newblock {Cosmology from a SKA HI intensity mapping survey}.
\newblock In {\em Advancing Astrophysics with the Square Kilometre Array
  (AASKA14)}, page~19, Apr 2015.

\bibitem{Shao_2011}
Jiawei Shao, Pengjie Zhang, Weipeng Lin, Yipeng Jing, and Jun Pan.
\newblock Kinetic sunyaev-zel’dovich tomography with spectroscopic redshift
  surveys.
\newblock {\em Monthly Notices of the Royal Astronomical Society},
  413(1):628–642, Mar 2011.

\bibitem{Shaw_2012}
Laurie~D. Shaw, Douglas~H. Rudd, and Daisuke Nagai.
\newblock Deconstructing the kinetic sz power spectrum.
\newblock {\em The Astrophysical Journal}, 756(1):15, Aug 2012.

\bibitem{1968ApJ...151..459S}
Joseph {Silk}.
\newblock {Cosmic Black-Body Radiation and Galaxy Formation}.
\newblock {\em Astrophysical Journal}, 151:459, Feb 1968.

\bibitem{smith2018ksz}
Kendrick~M. Smith, Mathew~S. Madhavacheril, Moritz Münchmeyer, Simone Ferraro,
  Utkarsh Giri, and Matthew~C. Johnson.
\newblock Ksz tomography and the bispectrum, 2018.

\bibitem{1992ApJ...396L...1S}
G.~F. {Smoot}, C.~L. {Bennett}, A.~{Kogut}, E.~L. {Wright}, J.~{Aymon}, N.~W.
  {Boggess}, E.~S. {Cheng}, G.~{de Amici}, S.~{Gulkis}, M.~G. {Hauser},
  G.~{Hinshaw}, P.~D. {Jackson}, M.~{Janssen}, E.~{Kaita}, T.~{Kelsall},
  P.~{Keegstra}, C.~{Lineweaver}, K.~{Loewenstein}, P.~{Lubin}, J.~{Mather},
  S.~S. {Meyer}, S.~H. {Moseley}, T.~{Murdock}, L.~{Rokke}, R.~F. {Silverberg},
  L.~{Tenorio}, R.~{Weiss}, and D.~T. {Wilkinson}.
\newblock {Structure in the COBE Differential Microwave Radiometer First-Year
  Maps}.
\newblock {\em The Astrophysical Journal}, 396:L1, Sep 1992.

\bibitem{Soergel_2016}
B.~Soergel, S.~Flender, K.~T. Story, L.~Bleem, T.~Giannantonio, G.~Efstathiou,
  E.~Rykoff, B.~A. Benson, T.~Crawford, S.~Dodelson, and et~al.
\newblock {Detection of the kinematic Sunyaev–Zel’dovich effect with DES
  Year 1 and SPT}.
\newblock {\em Monthly Notices of the Royal Astronomical Society},
  461(3):3172–3193, Jun 2016.

\bibitem{Sunyaev:1972eq}
R.~A. Sunyaev and {\relax Ya}.~B. Zeldovich.
\newblock {The Observations of relic radiation as a test of the nature of X-Ray
  radiation from the clusters of galaxies}.
\newblock {\em Comments Astrophys. Space Phys.}, 4:173--178, 1972.

\bibitem{Sunyaev:1980nv}
R.~A. Sunyaev and {\relax Ya}.~B. Zeldovich.
\newblock {The Velocity of clusters of galaxies relative to the microwave
  background. The Possibility of its measurement}.
\newblock {\em Monthly Notices of the Royal Astronomical Society},
  190:413--420, 1980.

\bibitem{2014era..conf10102V}
Keith {Vanderlinde} and {Chime Collaboration}.
\newblock {The Canadian Hydrogen Intensity Mapping Experiment (CHIME)}.
\newblock In {\em Exascale Radio Astronomy}, volume~2, page 10102, Apr 2014.

\bibitem{Villaescusa_Navarro_2018}
Francisco Villaescusa-Navarro, Shy Genel, Emanuele Castorina, Andrej Obuljen,
  David~N. Spergel, Lars Hernquist, Dylan Nelson, Isabella~P. Carucci, Annalisa
  Pillepich, Federico Marinacci, and et~al.
\newblock Ingredients for 21 cm intensity mapping.
\newblock {\em The Astrophysical Journal}, 866(2):135, Oct 2018.

\bibitem{1999Natur.397..225W}
Kelvin K.~S. {Wu}, Ofer {Lahav}, and Martin~J. {Rees}.
\newblock {The large-scale smoothness of the Universe}.
\newblock {\em Nature}, 397(6716):225--230, Jan 1999.

\bibitem{Wyithe_2007}
J.~Stuart~B. Wyithe and Abraham Loeb.
\newblock Fluctuations in 21-cm emission after reionization.
\newblock {\em Monthly Notices of the Royal Astronomical Society},
  383(2):606–614, Dec 2007.

\bibitem{Xu_2013}
Xiao-Dong Xu, Bin Wang, Pengjie Zhang, and Fernando Atrio-Barandela.
\newblock The effect of dark matter and dark energy interactions on the
  peculiar velocity field and the kinetic sunyaev-zel’dovich effect.
\newblock {\em Journal of Cosmology and Astroparticle Physics},
  2013(12):001–001, Dec 2013.

\bibitem{Zaldarriaga_2004}
Matias Zaldarriaga, Steven~R. Furlanetto, and Lars Hernquist.
\newblock 21 centimeter fluctuations from cosmic gas at high redshifts.
\newblock {\em The Astrophysical Journal}, 608(2):622--635, jun 2004.

\bibitem{2012AfrSk..16..147Z}
Caroline {Zunckel}.
\newblock {Using the kSZ Effect to Measure the Galaxy Velocity Field}.
\newblock {\em African Skies}, 16:147--149, Mar 2012.

\bibitem{1937ApJ....86..217Z}
F.~{Zwicky}.
\newblock {On the Masses of Nebulae and of Clusters of Nebulae}.
\newblock {\em The Astrophysical Journal}, 86:217, Oct 1937.

\end{thebibliography}
