@ARTICLE{2003PhRvD..67l3001C,
   author = {{Castro}, P.~G.},
    title = "{Bispectrum and the trispectrum of the Ostriker-Vishniac effect}",
  journal = {Physical Review D},
 keywords = {Background radiations},
     year = 2003,
    month = jun,
   volume = 67,
   number = 12,
      eid = {123001},
    pages = {123001},
      doi = {10.1103/PhysRevD.67.123001},
   adsurl = {http://adsabs.harvard.edu/abs/2003PhRvD..67l3001C},
  adsnote = {Provided by the SAO/NASA Astrophysics Data System}
}
